<?xml version="1.0" encoding="UTF-8"?>
<collection xmlns:xsi="http://www.w3.org/2001/XMLSchema-instance" xsi:schemaLocation="http://www.loc.gov/MARC21/slim http://www.loc.gov/standards/marcxml/schema/MARC21slim.xsd" xmlns="http://www.loc.gov/MARC21/slim">
<record>
  <leader>00850cam a2200265   4500</leader>
  <controlfield tag="001">2981789</controlfield>
  <controlfield tag="003">NNC</controlfield>
  <controlfield tag="005">20130426005052.0</controlfield>
  <controlfield tag="008">890228s1968    iq            000 0 arao </controlfield>
  <datafield tag="010" ind1=" " ind2=" ">
    <subfield code="a">ne 68003733 </subfield>
  </datafield>
  <datafield tag="035" ind1=" " ind2=" ">
    <subfield code="a">(OCoLC)ocm23505424</subfield>
  </datafield>
  <datafield tag="035" ind1=" " ind2=" ">
    <subfield code="9">ASM8924CU</subfield>
  </datafield>
  <datafield tag="035" ind1=" " ind2=" ">
    <subfield code="a">(NNC)2981789</subfield>
  </datafield>
  <datafield tag="040" ind1=" " ind2=" ">
    <subfield code="a">DLC</subfield>
    <subfield code="c">EYM</subfield>
    <subfield code="d">CGU</subfield>
    <subfield code="d">ZCU</subfield>
  </datafield>
  <datafield tag="050" ind1=" " ind2="4">
    <subfield code="a">PJ 7698</subfield>
    <subfield code="b">.K45 A17</subfield>
  </datafield>
  <datafield tag="090" ind1=" " ind2=" ">
    <subfield code="a">PJ7696</subfield>
    <subfield code="b">.K58</subfield>
  </datafield>
  <datafield tag="100" ind1="1" ind2=" ">
    <subfield code="a">Khufāf ibn Nudbah,</subfield>
    <subfield code="d">-approximately 640.</subfield>
  </datafield>
  <datafield tag="245" ind1="1" ind2="0">
    <subfield code="a">Shiʻr Khufāf ibn Nudbah al-Sulamī /</subfield>
    <subfield code="c">jamaʻahu wa ḥaqqaqahu Nūrī Ḥammūdī al-Qaysī .</subfield>
  </datafield>
  <datafield tag="260" ind1=" " ind2=" ">
    <subfield code="a">Baghdād</subfield>
    <subfield code="b">Maṭbaʻat al-Maʻārif,</subfield>
    <subfield code="c">1967.</subfield>
  </datafield>
  <datafield tag="300" ind1=" " ind2=" ">
    <subfield code="a">203 p.</subfield>
    <subfield code="c">25 cm.</subfield>
  </datafield>
  <datafield tag="500" ind1=" " ind2=" ">
    <subfield code="a">Added cover title in English.</subfield>
  </datafield>
  <datafield tag="500" ind1=" " ind2=" ">
    <subfield code="a">Editor's thesis -- Cairo  ̣</subfield>
  </datafield>
  <datafield tag="504" ind1=" " ind2=" ">
    <subfield code="a">Bibliography: p. 193-203.</subfield>
  </datafield>
  <datafield tag="700" ind1="1" ind2=" ">
    <subfield code="a">Qaysī, Nūrī Ḥammūdī,</subfield>
    <subfield code="e">editor.</subfield>
  </datafield>
  <datafield tag="955" ind1=" " ind2=" ">
    <subfield code="b">0036763241</subfield>
    <subfield code="d">glx</subfield>
    <subfield code="e">PJ7696 .K58</subfield>
  </datafield>
</record>
</collection>